@book{Kernighan:1988:CPL:576122,
 author = {Kernighan, Brian W.},
 editor = {Ritchie, Dennis M.},
 title = {The  C Programming Language},
 year = {1988},
 isbn = {0131103709},
 edition = {2nd},
 publisher = {Prentice Hall Professional Technical Reference},
} 

@book{Knuth:1998:ACP:521463,
 author = {Knuth, Donald E.},
 title = {The  Art of Computer Programming Volumes 1-3 Boxed Set},
 year = {1998},
 isbn = {0201485419},
 edition = {2nd},
 publisher = {Addison-Wesley Longman Publishing Co., Inc.},
 address = {Boston, MA, USA},
} 

