@book{CBook,
 author = {Dennis Yurichev},
 year = {2013},
 note = "\AlsoAvailableAs \url{http://yurichev.com/writings/C-notes-ru.pdf}",
 title = {Заметки о языке программирования Си/Си++},
} 
