@book{CBook,
 author = {Dennis Yurichev},
 year = {2013},
 note = "\AlsoAvailableAs \url{http://yurichev.com/writings/C-notes-en.pdf}",
 title = {C/C++ programming language notes},
} 
