@misc{ParashiftCPPFAQ,
 author = {Marshall Cline},
 title = {C++ FAQ},
 note = "Also available as \url{http://www.parashift.com/c++-faq-lite/index.html}",
} 
 