@misc{Ritchie:1986,
  author = {Ritchie, Dennis M.},
  title = {{Where did ++ come from? (net.lang.c)}},
  howpublished = "\url{http://yurichev.com/mirrors/c_dmr_postincrement.txt}",
  year = {1986}, 
  note = "[Online; accessed 2013]"
}

